@article{worden2006application,
  title={The application of machine learning to structural health monitoring},
  author={Worden, Keith and Manson, Graeme},
  journal={Philosophical Transactions of the Royal Society A: Mathematical, Physical and Engineering Sciences},
  volume={365},
  number={1851},
  pages={515--537},
  year={2006},
  publisher={The Royal Society London}
},

@phdthesis{rytter1993vibrational,
  title={Vibrational based inspection of civil engineering structures},
  author={Rytter, Anders},
  year={1993},
  school={Dept. of Building Technology and Structural Engineering, Aalborg University}
},

@article{bedworth2000omnibus,
  title={The Omnibus model: a new model of data fusion?},
  author={Bedworth, Mark and O'Brien, Jane},
  journal={IEEE Aerospace and Electronic Systems Magazine},
  volume={15},
  number={4},
  pages={30--36},
  year={2000}
},

@article{lang2008neural,
  title={Neural clouds for monitoring of complex systems},
  author={Lang, B and Poppe, T and Minin, A and Mokhov, I and Kuperin, Y and Mekler, A and Liapakina, I},
  journal={Optical Memory and Neural Networks},
  volume={17},
  number={3},
  pages={183--192},
  year={2008},
  publisher={Springer}
},

@article{pyayt2015combining,
  title={Combining data-driven methods with finite element analysis for flood early warning systems},
  author={Pyayt, Alexander L and Shevchenko, DV and Kozionov, Alexey P and Mokhov, Ilya I and Lang, Bernhard and Krzhizhanovskaya, Valeria V and Sloot, Peter MA},
  journal={Procedia Computer Science},
  volume={51},
  pages={2347--2356},
  year={2015},
  publisher={Elsevier}
},

@article{krzhizhanovskaya2011flood,
  title={Flood early warning system: design, implementation and computational modules},
  author={Krzhizhanovskaya, Valeria V and Shirshov, GS and Melnikova, NB and Belleman, Robert G and Rusadi, FI and Broekhuijsen, BJ and Gouldby, BP and Lhomme, J and Balis, Bartosz and Bubak, Marian and others},
  journal={Procedia Computer Science},
  volume={4},
  pages={106--115},
  year={2011},
  publisher={Elsevier}
},

@article{diez2016clustering,
  title={A clustering approach for structural health monitoring on bridges},
  author={Diez, Alberto and Khoa, Nguyen Lu Dang and Alamdari, Mehrisadat Makki and Wang, Yang and Chen, Fang and Runcie, Peter},
  journal={Journal of Civil Structural Health Monitoring},
  volume={6},
  number={3},
  pages={429--445},
  year={2016},
  publisher={Springer}
},

@article{sousa2019tool,
  title={Development of a novel pro-active SHM tool devoted to bridge maintenance based on damage identification by FE analysis and probabilistic methods},
  author={Sousa, Helder and Rozsas, Arpad and Slobbe, Arthur and Courage, Wim and Bigaj van Vliet, Agnieszka},
  year={2019}
},

@misc{li2010predicting,
  title={Predicting of the Stiffness of Cracked Reinforced Concrete Structures},
  author={Li, Yongzhen and Walraven, JC and Han, Ningxu and Braam, CR and Hoogenboom, PCJ and Houben, Ir LJM},
  year={2010},
  publisher={Final report. Delft: Delft University of Technology, Department Design and~â€¦}
},

@article{mazzoni2006opensees,
  title={OpenSees command language manual},
  author={Mazzoni, Silvia and McKenna, Frank and Scott, Michael H and Fenves, Gregory L and others},
  journal={Pacific Earthquake Engineering Research (PEER) Center},
  volume={264},
  year={2006}
},

@article{mckenna2011opensees,
  title={OpenSees: a framework for earthquake engineering simulation},
  author={McKenna, Frank},
  journal={Computing in Science \& Engineering},
  volume={13},
  number={4},
  pages={58--66},
  year={2011},
  publisher={IEEE}
},

@article{diana2019diana,
  title={DIANA 10.3 User's Manual},
  author={DIANA, FEA},
  year={2019}
},

@inproceedings{klatter2003life,
  title={Life-cycle cost approach to bridge management in the Netherlands},
  author={Klatter, HE and Van Noortwijk, JM},
  booktitle={Proceedings of the 9th International Bridge Management Conference, April 28-30, 2003, Orlando, Florida, USA},
  pages={179--188},
  year={2003}
}
