@article{worden2006application,
  title={The application of machine learning to structural health monitoring},
  author={Worden, Keith and Manson, Graeme},
  journal={Philosophical Transactions of the Royal Society A: Mathematical, Physical and Engineering Sciences},
  volume={365},
  number={1851},
  pages={515--537},
  year={2006},
  publisher={The Royal Society London}
},

@phdthesis{rytter1993vibrational,
  title={Vibrational based inspection of civil engineering structures},
  author={Rytter, Anders},
  year={1993},
  school={Dept. of Building Technology and Structural Engineering, Aalborg University}
},

@article{bedworth2000omnibus,
  title={The Omnibus model: a new model of data fusion?},
  author={Bedworth, Mark and O'Brien, Jane},
  journal={IEEE Aerospace and Electronic Systems Magazine},
  volume={15},
  number={4},
  pages={30--36},
  year={2000}
},

@article{lang2008neural,
  title={Neural clouds for monitoring of complex systems},
  author={Lang, B and Poppe, T and Minin, A and Mokhov, I and Kuperin, Y and Mekler, A and Liapakina, I},
  journal={Optical Memory and Neural Networks},
  volume={17},
  number={3},
  pages={183--192},
  year={2008},
  publisher={Springer}
},

@article{pyayt2015combining,
  title={Combining data-driven methods with finite element analysis for flood early warning systems},
  author={Pyayt, Alexander L and Shevchenko, DV and Kozionov, Alexey P and Mokhov, Ilya I and Lang, Bernhard and Krzhizhanovskaya, Valeria V and Sloot, Peter MA},
  journal={Procedia Computer Science},
  volume={51},
  pages={2347--2356},
  year={2015},
  publisher={Elsevier}
},

@article{krzhizhanovskaya2011flood,
  title={Flood early warning system: design, implementation and computational modules},
  author={Krzhizhanovskaya, Valeria V and Shirshov, GS and Melnikova, NB and Belleman, Robert G and Rusadi, FI and Broekhuijsen, BJ and Gouldby, BP and Lhomme, J and Balis, Bartosz and Bubak, Marian and others},
  journal={Procedia Computer Science},
  volume={4},
  pages={106--115},
  year={2011},
  publisher={Elsevier}
},

@article{diez2016clustering,
  title={A clustering approach for structural health monitoring on bridges},
  author={Diez, Alberto and Khoa, Nguyen Lu Dang and Alamdari, Mehrisadat Makki and Wang, Yang and Chen, Fang and Runcie, Peter},
  journal={Journal of Civil Structural Health Monitoring},
  volume={6},
  number={3},
  pages={429--445},
  year={2016},
  publisher={Springer}
}
